@book{jorio2011raman,
	title={Raman spectroscopy in graphene related systems},
	author={Jorio, Ado and Dresselhaus, Mildred S and Saito, Riichiro and Dresselhaus, Gene},
	year={2011},
	publisher={John Wiley \& Sons}
}

@book{losurdo2013ellipsometry,
	title={Ellipsometry at the Nanoscale},
	author={Losurdo, Maria and Hingerl, Kurt},
	year={2013},
	publisher={Springer}
}

@book{fujiwara2007spectroscopic,
	title={Spectroscopic ellipsometry: principles and applications},
	author={Fujiwara, Hiroyuki},
	year={2007},
	publisher={John Wiley \& Sons}
}

@book{tompkins2005handbook,
	title={Handbook of ellipsometry},
	author={Tompkins, Harland and Irene, Eugene A},
	year={2005},
	publisher={William Andrew}
}

@book{mayinger2013optical,
	title={Optical measurements: techniques and applications},
	author={Mayinger, Franz},
	year={2013},
	publisher={Springer Science \& Business Media}
}

@book{heavens1991optical,
	title={Optical properties of thin solid films},
	author={Heavens, Oliver S},
	year={1991},
	publisher={Courier Corporation}
}

@article{avouris2012graphene,
	title={Graphene: synthesis and applications},
	author={Avouris, Phaedon and Dimitrakopoulos, Christos},
	journal={Materials today},
	volume={15},
	number={3},
	pages={86--97},
	year={2012},
	publisher={Elsevier}
}

@article{azzam1978ellipsometry,
	title={Ellipsometry and polarized light},
	author={Azzam, Rasheed MA and Bashara, Nicholas Mitchell and Ballard, Stanley S},
	journal={Physics Today},
	volume={31},
	number={11},
	pages={72},
	year={1978}
}

@book{torok2007optical,
	title={Optical imaging and microscopy: techniques and advanced systems},
	author={T{\"o}r{\"o}k, Peter and Kao, Fu-Jen},
	volume={87},
	year={2007},
	publisher={Springer}
}

@article{zhong2011thermal,
	title={Thermal rectification in thickness-asymmetric graphene nanoribbons},
	author={Zhong, Wei-Rong and Huang, Wei-Hao and Deng, Xi-Rong and Ai, Bao-Quan},
	journal={Applied Physics Letters},
	volume={99},
	number={19},
	pages={193104},
	year={2011},
	publisher={American Institute of Physics}
}

@article{lastras2019differential,
	title={Differential reflectance contrast technique in near field limit: Application to graphene},
	author={Lastras-Mart{\'\i}nez, LF and Medina-Escobedo, D and Flores-Rangel, G and Balderas-Navarro, RE and Ruiz-Cigarrillo, O and Castro-Garc{\'\i}a, R and Morales-Morelos, M del P and Ortega-Gallegos, J and Losurdo, M},
	journal={AIP Advances},
	volume={9},
	number={4},
	pages={045309},
	year={2019},
	publisher={AIP Publishing LLC}
}

@article{oliveira2011influence,
	title={Influence of the silicon carbide surface morphology on the epitaxial graphene formation},
	author={Oliveira Jr, MH and Schumann, T and Ramsteiner, M and Lopes, JMJ and Riechert, H},
	journal={Applied Physics Letters},
	volume={99},
	number={11},
	pages={111901},
	year={2011},
	publisher={American Institute of Physics}
}

@article{yang2015graphene,
	title={Graphene-like two-dimensional layered nanomaterials: applications in biosensors and nanomedicine},
	author={Yang, Guohai and Zhu, Chengzhou and Du, Dan and Zhu, Junjie and Lin, Yuehe},
	journal={Nanoscale},
	volume={7},
	number={34},
	pages={14217--14231},
	year={2015},
	publisher={Royal Society of Chemistry}
}

@article{ivanov2014layer,
	title={Layer-number determination in graphene on SiC by reflectance mapping},
	author={Ivanov, Ivan G and Hassan, Jawad Ul and Iakimov, Tihomir and Zakharov, Alexei A and Yakimova, Rositsa and Janz{\'e}n, Erik},
	journal={Carbon},
	volume={77},
	pages={492--500},
	year={2014},
	publisher={Elsevier}
}

@article{mao2013graphene,
	title={Graphene: promises, facts, opportunities, and challenges in nanomedicine},
	author={Mao, Hong Ying and Laurent, Sophie and Chen, Wei and Akhavan, Omid and Imani, Mohammad and Ashkarran, Ali Akbar and Mahmoudi, Morteza},
	journal={Chemical reviews},
	volume={113},
	number={5},
	pages={3407--3424},
	year={2013},
	publisher={ACS Publications}
}

@article{li2008transport,
	title={Transport properties of AB-stacked bilayer graphene nanoribbons in an electric field},
	author={Li, To Sing and Huang, Yuan Cheng and Chang, SC and Chuang, YC and Lin, Min-Fa},
	journal={The European Physical Journal B},
	volume={64},
	number={1},
	pages={73--80},
	year={2008},
	publisher={Springer}
}

@article{hosten1993transfer,
	title={Transfer matrix of multilayered absorbing and anisotropic media. Measurements and simulations of ultrasonic wave propagation through composite materials},
	author={Hosten, Bernard and Castaings, Michel},
	journal={The Journal of the Acoustical Society of America},
	volume={94},
	number={3},
	pages={1488--1495},
	year={1993},
	publisher={Acoustical Society of America}
}

@article{zhu2011layer,
	title={Layer number determination and thickness-dependent properties of graphene grown on SiC},
	author={Zhu, Wenjuan and Dimitrakopoulos, Christos and Freitag, Marcus and Avouris, Phaedon},
	journal={IEEE transactions on nanotechnology},
	volume={10},
	number={5},
	pages={1196--1201},
	year={2011},
	publisher={IEEE}
}

@article{gupta2015first,
	title={First Step to Ellipsometry},
	author={Gupta, Yashika and Arun, P},
	journal={International Journal of Physics},
	volume={3},
	number={1},
	pages={8--11},
	year={2015}
}

@article{scholtz2014influence,
	title={Influence of surface roughness on optical characteristics of multilayer solar cells},
	author={Scholtz, L'ubom{\'\i}r and Ladanyi, Libor and M{\"u}llerov{\'a}, Jarmila},
	year={2014},
	publisher={Vysok{\'a} {\v{s}}kola b{\'a}{\v{n}}sk{\'a}-Technick{\'a} univerzita Ostrava}
}

@article{lastras2017optical,
	title={Optical detection of graphene nanoribbons synthesized on stepped SiC surfaces},
	author={Lastras-Mart{\'\i}nez, LF and Almendarez-Rodr{\'\i}guez, J and Flores-Rangel, G and Ulloa-Castillo, NA and Ruiz-Cigarrillo, O and Ibarra-Becerra, CA and Castro-Garc{\'\i}a, R and Balderas-Navarro, RE and Oliveira Jr, MH and Lopes, JMJ},
	journal={Journal of Applied Physics},
	volume={122},
	number={3},
	pages={035701},
	year={2017},
	publisher={AIP Publishing LLC}
}

@article{cao2019surface,
	title={Surface roughness effects on the broadband reflection for refractory metals and polar dielectrics},
	author={Cao, Lina and Sendur, Kursat},
	journal={Materials},
	volume={12},
	number={19},
	pages={3090},
	year={2019},
	publisher={Multidisciplinary Digital Publishing Institute}
}

@article{huerta2009anisotropias,
	title={Anisotropias opticas en cristales de teluro de cadmio},
	author={Huerta Ruelas, Jorge Adalberto and others},
	journal={REPOSITORIO NACIONAL CONACYT},
	year={2009},
	publisher={Instituto de F{\'\i}sica}
}

@article{flores2021optical,
	title={Optical contrast in the near-field limit for structural characterization of graphene nanoribbons},
	author={Flores-Rangel, G and Lastras-Mart{\'\i}nez, LF and Castro-Garc{\'\i}a, R and Ruiz-Cigarrillo, O and Balderas-Navarro, RE and Espinosa-Cuellar, LD and Lastras-Mart{\'\i}nez, A and Lopes, JMJ},
	journal={Applied Surface Science},
	volume={536},
	pages={147710},
	year={2021},
	publisher={Elsevier}
}

@article{chong2019raman,
	title={Raman study of strain relaxation from grain boundaries in epitaxial graphene grown by chemical vapor deposition on SiC},
	author={Chong, Laiyuan and Guo, Hui and Zhang, Yuming and Hu, Yanfei and Zhang, Yimen},
	journal={Nanomaterials},
	volume={9},
	number={3},
	pages={372},
	year={2019},
	publisher={Multidisciplinary Digital Publishing Institute}
}

@article{gass2008free,
	title={Free-standing graphene at atomic resolution},
	author={Gass, Mhairi H and Bangert, Ursel and Bleloch, Andrew L and Wang, Peng and Nair, Rahul R and Geim, AK},
	journal={Nature nanotechnology},
	volume={3},
	number={11},
	pages={676--681},
	year={2008},
	publisher={Nature Publishing Group}
}

@article{chen2012optical,
	title={Optical nano-imaging of gate-tunable graphene plasmons},
	author={Chen, Jianing and Badioli, Michela and Alonso-Gonz{\'a}lez, Pablo and Thongrattanasiri, Sukosin and Huth, Florian and Osmond, Johann and Spasenovi{\'c}, Marko and Centeno, Alba and Pesquera, Amaia and Godignon, Philippe and others},
	journal={Nature},
	volume={487},
	number={7405},
	pages={77--81},
	year={2012},
	publisher={Nature Publishing Group}
}

@article{oliveira2015synthesis,
	title={Synthesis of quasi-free-standing bilayer graphene nanoribbons on SiC surfaces},
	author={Oliveira Jr, Myriano H and Lopes, Joao Marcelo J and Schumann, Timo and Galves, Lauren A and Ramsteiner, Manfred and Berlin, Katja and Trampert, Achim and Riechert, Henning},
	journal={Nature communications},
	volume={6},
	number={1},
	pages={1--7},
	year={2015},
	publisher={Nature Publishing Group}
}

@article{barone2006electronic,
	title={Electronic structure and stability of semiconducting graphene nanoribbons},
	author={Barone, Ver{\'o}nica and Hod, Oded and Scuseria, Gustavo E},
	journal={Nano letters},
	volume={6},
	number={12},
	pages={2748--2754},
	year={2006},
	publisher={ACS Publications}
}

@article{ni2007graphene,
	title={Graphene thickness determination using reflection and contrast spectroscopy},
	author={Ni, ZH and Wang, HM and Kasim, J and Fan, HM and Yu, T and Wu, YH and Feng, YP and Shen, ZX},
	journal={Nano letters},
	volume={7},
	number={9},
	pages={2758--2763},
	year={2007},
	publisher={ACS Publications}
}

@article{furukawa1996analysis,
	title={Analysis of image formation in a near-field scanning optical microscope: effects of multiple scattering},
	author={Furukawa, Hiromitsu and Kawata, Satoshi},
	journal={Optics communications},
	volume={132},
	number={1-2},
	pages={170--178},
	year={1996},
	publisher={Elsevier}
}

@article{hingerl2000surface,
	title={Surface-stress-induced optical bulk anisotropy},
	author={Hingerl, K and Balderas-Navarro, RE and Hilber, W and Bonanni, A and Stifter, D},
	journal={Physical Review B},
	volume={62},
	number={19},
	pages={13048},
	year={2000},
	publisher={APS}
}

@article{pandey2008scanning,
	title={Scanning probe microscopy study of exfoliated oxidized graphene sheets},
	author={Pandey, D and Reifenberger, R and Piner, R},
	journal={Surface Science},
	volume={602},
	number={9},
	pages={1607--1613},
	year={2008},
	publisher={Elsevier}
}

@article{missoni2020rough,
	title={Rough 1D photonic crystals: A transfer matrix approach},
	author={Missoni, Leandro L and Ortiz, Guillermo P and Ricci, Mar{\'\i}a Luz Mart{\'\i}nez and Toranzos, Victor J and Moch{\'a}n, W Luis},
	journal={Optical Materials},
	volume={109},
	pages={110012},
	year={2020},
	publisher={Elsevier}
}

@article{cricenti2003afm,
	title={AFM and SNOM characterization of carboxylic acid terminated silicon and silicon nitride surfaces},
	author={Cricenti, A and Longo, G and Luce, M and Generosi, R and Perfetti, P and Vobornik, D and Margaritondo, G and Thielen, P and Sanghera, JS and Aggarwal, ID and others},
	journal={Surface science},
	volume={544},
	number={1},
	pages={51--57},
	year={2003},
	publisher={Elsevier}
}

@article{kim2007recent,
	title={Recent progress of nano-technology with NSOM},
	author={Kim, JunHo and Song, Ki-Bong},
	journal={Micron},
	volume={38},
	number={4},
	pages={409--426},
	year={2007},
	publisher={Elsevier}
}

@article{shao2010graphene,
	title={Graphene based electrochemical sensors and biosensors: a review},
	author={Shao, Yuyan and Wang, Jun and Wu, Hong and Liu, Jun and Aksay, Ilhan A and Lin, Yuehe},
	journal={Electroanalysis: An International Journal Devoted to Fundamental and Practical Aspects of Electroanalysis},
	volume={22},
	number={10},
	pages={1027--1036},
	year={2010},
	publisher={Wiley Online Library}
}

@article{zhang2014graphene,
	title={Graphene surface plasmons at the near-infrared optical regime},
	author={Zhang, Qiming and Li, Xiangping and Hossain, Md Muntasir and Xue, Yunzhou and Zhang, Jie and Song, Jingchao and Liu, Jingying and Turner, Mark D and Fan, Shanhui and Bao, Qiaoliang and others},
	journal={Scientific reports},
	volume={4},
	number={1},
	pages={1--6},
	year={2014},
	publisher={Nature Publishing Group}
}

@article{zhang1999incidence,
	title={Incidence, reflection and transmission angles in anisotropic media},
	author={Zhang, Bing-Ming and Dong, Min-Yu and Qian, Zhong-Ping},
	journal={Acta Seismologica Sinica},
	volume={12},
	number={4},
	pages={413--418},
	year={1999},
	publisher={Springer}
}

@phdthesis{galpaya2015synthesis,
	title={Synthesis, characterization and applications of graphene oxide-polymer nanocomposites},
	author={Galpaya, Dilini},
	year={2015},
	school={Queensland University of Technology}
}

@phdthesis{brouillet2019graphene,
	title={Graphene-Mediated Light-Matter Interaction},
	author={Brouillet, Jeremy Jean},
	year={2019},
	school={California Institute of Technology}
}

@article{dilts2019design,
	title={Design, Fabrication, and Characterization of Multilayer Hyperbolic Metamaterials},
	author={Dilts, James},
	year={2019}
}

@article{aranha2018fabrication,
	title={Fabrication and characterization of graphene nanoribbons epitaxially grown on SiC (0001)},
	author={Aranha Galves, Lauren},
	year={2018},
	publisher={Humboldt-Universit{\"a}t zu Berlin}
}

@article{kayhan2013graphene,
	title={Graphene: Synthesis, Characterization, Properties and Functional Behavior as Catalyst Support and Gas Sensor},
	author={Kayhan, Emine},
	year={2013},
	publisher={Technische Universit{\"a}t}
}

@phdthesis{guikema2004scanning,
	title={Scanning Hall probe microscopy of magnetic vortices in very underdoped yttrium-barium-copper-oxide},
	author={Guikema, Janice Wynn},
	year={2004},
	school={stanford university}
}

@phdthesis{meyer2016experimental,
	title={Experimental Methods for Implementing Graphene Contacts to Finite Bandgap Semiconductors},
	author={Meyer-Holdt, Jakob},
	year={2016},
	school={University of Copenhagen, Faculty of Science [Department of Nutrition~…}
}

@book{van2015charge,
	title={Charge and spin transport in disordered graphene-based materials},
	author={Van Tuan, Dinh},
	year={2015},
	publisher={Springer}
}

@book{mucha2012theory,
	title={Theory of Bilayer Graphene Spectroscopy},
	author={Mucha-Kruczy{\'n}ski, Marcin},
	year={2012},
	publisher={Springer Science \& Business Media}
}

@article{yufunctionalization,
	title={Functionalization of two-dimensional nanomaterials based on graphene},
	author={Yu-Pu, LIN}
}

@book{prasankumar2016optical,
	title={Optical techniques for solid-state materials characterization},
	author={Prasankumar, Rohit P and Taylor, Antoinette J},
	year={2016},
	publisher={CRC Press}
}

@book{vandenabeele2013practical,
	title={Practical Raman spectroscopy: an introduction},
	author={Vandenabeele, Peter},
	year={2013},
	publisher={Wiley Online Library}
}

@article{graves1989practical,
	title={Practical raman spectroscopy},
	author={Graves, PRGDJ and Gardiner, D},
	journal={Springer},
	year={1989},
	publisher={Springer}
}

@book{lin2018structure,
	title={Structure-and adatom-enriched essential properties of graphene nanoribbons},
	author={Lin, Shih-Yang and Tran, Ngoc Thanh Thuy and Chang, Sheng-Lin and Su, Wu-Pei and Lin, Ming-Fa},
	year={2018},
	publisher={CRC press}
}

@book{mullen2017polyphenylenes,
	title={From Polyphenylenes to Nanographenes and Graphene Nanoribbons},
	author={M{\"u}llen, Klaus and Feng, Xinliang},
	volume={278},
	year={2017},
	publisher={Springer}
}

@article{badan2014caracterizacion,
	title={Caracterizaci{\'o}n {\'o}ptica de materiales luz polarizada y nanoestructuras},
	author={Bad{\'a}n, Juan Agust{\'\i}n},
	year={2014},
	publisher={UR. FC}
}


@article{binnig1986atomic,
	title={Atomic force microscope},
	author={Binnig, Gerd and Quate, Calvin F and Gerber, Ch},
	journal={Physical review letters},
	volume={56},
	number={9},
	pages={930},
	year={1986},
	publisher={APS}
}

@article{zhong1993fractured,
	title={Fractured polymer/silica fiber surface studied by tapping mode atomic force microscopy},
	author={Zhong, Q and Inniss, D and Kjoller, K and Elings, VB},
	journal={Surface Science Letters},
	volume={290},
	number={1-2},
	pages={L688--L692},
	year={1993},
	publisher={Elsevier}
}

@book{wallbank2014electronic,
	title={Electronic properties of graphene heterostructures with hexagonal crystals},
	author={Wallbank, John R},
	year={2014},
	publisher={Springer}
}

@article{giessibl2003advances,
	title={Advances in atomic force microscopy},
	author={Giessibl, Franz J},
	journal={Reviews of modern physics},
	volume={75},
	number={3},
	pages={949},
	year={2003},
	publisher={APS}
}

@article{binnig1982surface,
	title={Surface studies by scanning tunneling microscopy},
	author={Binnig, Gerd and Rohrer, Heinrich and Gerber, Ch and Weibel, Edmund},
	journal={Physical review letters},
	volume={49},
	number={1},
	pages={57},
	year={1982},
	publisher={APS}
}

@book{grundmann2010physics,
	title={Physics of semiconductors},
	author={Grundmann, Marius},
	volume={11},
	year={2010},
	publisher={Springer}
}


@book{ionita2014condensed,
	title={Condensed matter optical spectroscopy: an illustrated introduction},
	author={Ionita, Iulian},
	year={2014},
	publisher={CRC Press}
}

@article{nie1994atomic,
	title={Atomic force microscopy study of Pd clusters on graphite and mica},
	author={Nie, HY and Shimizu, T and Tokumoto, H},
	journal={Journal of Vacuum Science \& Technology B: Microelectronics and Nanometer Structures Processing, Measurement, and Phenomena},
	volume={12},
	number={3},
	pages={1843--1846},
	year={1994},
	publisher={American Vacuum Society}
}

@book{eaton2010atomic,
	title={Atomic force microscopy},
	author={Eaton, Peter and West, Paul},
	year={2010},
	publisher={Oxford university press}
}

@article{cleveland1998energy,
	title={Energy dissipation in tapping-mode atomic force microscopy},
	author={Cleveland, JP and Anczykowski, B and Schmid, AE and Elings, VB},
	journal={Applied Physics Letters},
	volume={72},
	number={20},
	pages={2613--2615},
	year={1998},
	publisher={American Institute of Physics}
}

@article{putman1994tapping,
	title={Tapping mode atomic force microscopy in liquid},
	author={Putman, Constant AJ and Van der Werf, Kees O and De Grooth, Bart G and Van Hulst, Niek F and Greve, Jan},
	journal={Applied physics letters},
	volume={64},
	number={18},
	pages={2454--2456},
	year={1994},
	publisher={American Institute of Physics}
}

@article{wurstbauer2010imaging,
	title={Imaging ellipsometry of graphene},
	author={Wurstbauer, Ulrich and R{\"o}ling, Christian and Wurstbauer, Ursula and Wegscheider, Werner and Vaupel, Matthias and Thiesen, Peter H and Weiss, Dieter},
	journal={Applied Physics Letters},
	volume={97},
	number={23},
	pages={231901},
	year={2010},
	publisher={American Institute of Physics}
}

@article{weber2010optical,
	title={Optical constants of graphene measured by spectroscopic ellipsometry},
	author={Weber, JW and Calado, VE and Van De Sanden, MCM},
	journal={Applied Physics Letters},
	volume={97},
	number={9},
	pages={091904},
	year={2010},
	publisher={American Institute of Physics}
}

@article{baringhaus2015growth,
	title={Growth and characterization of sidewall graphene nanoribbons},
	author={Baringhaus, J and Aprojanz, J and Wiegand, J and Laube, D and Halbauer, M and H{\"u}bner, J and Oestreich, M and Tegenkamp, C},
	journal={Applied Physics Letters},
	volume={106},
	number={4},
	pages={043109},
	year={2015},
	publisher={AIP Publishing LLC}
}
@article{sapkota2017optical,
	title={Optical evidence for blue shift in topological insulator bismuth selenide in the few-layer limit},
	author={Sapkota, Yub Raj and Alkabsh, Asma and Walber, Aaron and Samassekou, Hassana and Mazumdar, Dipanjan},
	journal={Applied Physics Letters},
	volume={110},
	number={18},
	pages={181901},
	year={2017},
	publisher={AIP Publishing LLC}
}
@inproceedings{bansal20162d,
	title={2D materials: Graphene and others},
	author={Bansal, Suneev Anil and Singh, Amrinder Pal and Kumar, Suresh},
	booktitle={AIP Conference Proceedings},
	volume={1728},
	number={1},
	pages={020459},
	year={2016},
	organization={AIP Publishing LLC}
}


@article{schwierz2010graphene,
	title={Graphene transistors},
	author={Schwierz, Frank},
	journal={Nature nanotechnology},
	volume={5},
	number={7},
	pages={487},
	year={2010},
	publisher={Nature Publishing Group}
}

@article{li2012review,
	title={Review of electrochemical capacitors based on carbon nanotubes and graphene},
	author={Li, Jian and others},
	journal={Graphene},
	volume={1},
	number={01},
	pages={1},
	year={2012},
	publisher={Scientific Research Publishing}
}

@article{chee2016flexible,
	title={Flexible graphene-based supercapacitors: a review},
	author={Chee, Wei Kit and Lim, Hong Ngee and Zainal, Zulkarnain and Huang, Nay Ming and Harrison, Ian and Andou, Y},
	journal={The Journal of Physical Chemistry C},
	volume={120},
	number={8},
	pages={4153--4172},
	year={2016},
	publisher={ACS Publications}
}

@article{pinto2013graphene,
	title={Graphene-based materials biocompatibility: a review},
	author={Pinto, Artur M and Goncalves, Ines C and Magalhaes, Fernao D},
	journal={Colloids and Surfaces B: Biointerfaces},
	volume={111},
	pages={188--202},
	year={2013},
	publisher={Elsevier}
}

@article{singh2015graphene,
	title={Graphene-based bulk-heterojunction solar cells: a review},
	author={Singh, Eric and Nalwa, Hari Singh},
	journal={Journal of nanoscience and nanotechnology},
	volume={15},
	number={9},
	pages={6237--6278},
	year={2015},
	publisher={American Scientific Publishers}
}

@article{kucinskis2013graphene,
	title={Graphene in lithium ion battery cathode materials: A review},
	author={Kucinskis, Gints and Bajars, Gunars and Kleperis, Janis},
	journal={Journal of Power Sources},
	volume={240},
	pages={66--79},
	year={2013},
	publisher={Elsevier}
}

@book{zhang2009optical,
	title={Optical properties and spectroscopy of nanomaterials},
	author={Zhang, Jin Zhong},
	year={2009},
	publisher={World Scientific}
}

@book{misra2014applied,
	title={Applied Spectroscopy and the Science of nanomaterials},
	author={Misra, Prabhakar},
	volume={2},
	year={2014},
	publisher={Springer}
}

@article{nakada1996edge,
	title={Edge state in graphene ribbons: Nanometer size effect and edge shape dependence},
	author={Nakada, Kyoko and Fujita, Mitsutaka and Dresselhaus, Gene and Dresselhaus, Mildred S},
	journal={Physical Review B},
	volume={54},
	number={24},
	pages={17954},
	year={1996},
	publisher={APS}
}

@article{sohmen1992electronic,
	title={Electronic structure studies of undoped and n-type doped fullerene C60},
	author={Sohmen, E and Fink, J and Kr{\"a}tschmer, W},
	journal={EPL (Europhysics Letters)},
	volume={17},
	number={1},
	pages={51},
	year={1992},
	publisher={IOP Publishing}
}

@article{son2006half,
	title={Half-metallic graphene nanoribbons},
	author={Son, Young-Woo and Cohen, Marvin L and Louie, Steven G},
	journal={Nature},
	volume={444},
	number={7117},
	pages={347--349},
	year={2006},
	publisher={Nature Publishing Group}
}

@article{ni2008uniaxial,
	title={Uniaxial strain on graphene: Raman spectroscopy study and band-gap opening},
	author={Ni, Zhen Hua and Yu, Ting and Lu, Yun Hao and Wang, Ying Ying and Feng, Yuan Ping and Shen, Ze Xiang},
	journal={ACS nano},
	volume={2},
	number={11},
	pages={2301--2305},
	year={2008},
	publisher={ACS Publications}
}

@article{celis2016graphene,
	title={Graphene nanoribbons: fabrication, properties and devices},
	author={Celis, Arlenciu and Nair, M Narayanan and Taleb-Ibrahimi, Amina and Conrad, EH and Berger, Claire and De Heer, WA and Tejeda, Antonio},
	journal={Journal of Physics D: Applied Physics},
	volume={49},
	number={14},
	pages={143001},
	year={2016},
	publisher={IOP Publishing}
}

@article{baringhaus2014exceptional,
	title={Exceptional ballistic transport in epitaxial graphene nanoribbons},
	author={Baringhaus, Jens and Ruan, Ming and Edler, Frederik and Tejeda, Antonio and Sicot, Muriel and Taleb-Ibrahimi, Amina and Li, An-Ping and Jiang, Zhigang and Conrad, Edward H and Berger, Claire and others},
	journal={Nature},
	volume={506},
	number={7488},
	pages={349--354},
	year={2014},
	publisher={Nature Publishing Group}
}

@article{sprinkle2010scalable,
	title={Scalable templated growth of graphene nanoribbons on SiC},
	author={Sprinkle, Mike and Ruan, Ming and Hu, Yike and Hankinson, J and Rubio-Roy, Miguel and Zhang, Baiqian and Wu, Xiaosong and Berger, Claire and De Heer, Walt A},
	journal={Nature nanotechnology},
	volume={5},
	number={10},
	pages={727--731},
	year={2010},
	publisher={Nature Publishing Group}
}

@article{liu2017nanographenes,
	title={Nanographenes and Graphene Nanoribbons with Zigzag-Edged Structures},
	author={Liu, Junzhi and Berger, Reinhard and M{\"u}llen, Klaus and Feng, Xinliang},
	journal={From Polyphenylenes to Nanographenes and Graphene Nanoribbons},
	pages={1--32},
	year={2017},
	publisher={Springer}
}



@article{zangwill2015density,
  title={density functional theory},
  author={Zangwill, Andrew},
  journal={Physics today},
  volume={68},
  number={7},
  pages={34},
  year={2015},
  doi={https://doi.org/10.1063/PT.3.2846}
}



@article{ask2017ase,
	author={Ask Hjorth Larsen and Jens Jørgen Mortensen and Jakob Blomqvist and Ivano E Castelli and Rune Christensen and Marcin
	Dułak and Jesper Friis and Michael N Groves and Bjørk Hammer and Cory Hargus and Eric D Hermes and Paul C Jennings and Peter
	Bjerre Jensen and James Kermode and John R Kitchin and Esben Leonhard Kolsbjerg and Joseph Kubal and Kristen
	Kaasbjerg and Steen Lysgaard and Jón Bergmann Maronsson and Tristan Maxson and Thomas Olsen and Lars Pastewka and Andrew
	Peterson and Carsten Rostgaard and Jakob Schiøtz and Ole Schütt and Mikkel Strange and Kristian S Thygesen and Tejs
	Vegge and Lasse Vilhelmsen and Michael Walter and Zhenhua Zeng and Karsten W Jacobsen},
	title={The atomic simulation environment—a Python library for working with atoms},
	journal={Journal of Physics: Condensed Matter},
	volume={29},
	number={27},
	pages={273002},
	url={http://stacks.iop.org/0953-8984/29/i=27/a=273002},
	year={2017},
	abstract={The atomic simulation environment (ASE) is a software package written in the Python programming language with the aim of setting up, steering, and analyzing atomistic simulations. In ASE, tasks are fully scripted in Python. The powerful syntax of Python combined with the NumPy array library make it possible to perform very complex simulation tasks. For example, a sequence of calculations may be performed with the use of a simple ‘for-loop’ construction. Calculations of energy, forces, stresses and other quantities are performed through interfaces to many external electronic structure codes or force fields using a uniform interface. On top of this calculator interface, ASE provides modules for performing many standard simulation tasks such as structure optimization, molecular dynamics, handling of constraints and performing nudged elastic band calculations.}
}

@software{GPAW,
  author = {GPAW},
  title = {GPAW code},
  year = {2020},
  publisher = {GitLab},
  journal = {GitLab repository},
  url = {https://gitlab.com/gpaw/gpaw.git},
}

@article{rostgaard2006exact,
  title={Exact exchange in density functional calculations},
  author={Rostgaard, Carsten and Mortensen, Jens J{\o}rgen and Jacobsen, Karsten Wedel},
  journal={Master's thesis, Technical University of Denmark},
  year={2006},
  publisher={Citeseer}
}

@article{blochlprojector1994,
  title = {Projector augmented-wave method},
  author = {Bl\"ochl, P. E.},
  journal = {Phys. Rev. B},
  volume = {50},
  issue = {24},
  pages = {17953--17979},
  numpages = {0},
  year = {1994},
  month = {Dec},
  publisher = {American Physical Society},
  doi = {10.1103/PhysRevB.50.17953},
  url = {https://link.aps.org/doi/10.1103/PhysRevB.50.17953}
}

@article{real-space2005mortensen,
  title = {Real-space grid implementation of the projector augmented wave method},
  author = {Mortensen, J. J. and Hansen, L. B. and Jacobsen, K. W.},
  journal = {Phys. Rev. B},
  volume = {71},
  issue = {3},
  pages = {035109},
  numpages = {11},
  year = {2005},
  month = {Jan},
  publisher = {American Physical Society},
  doi = {10.1103/PhysRevB.71.035109},
  url = {https://link.aps.org/doi/10.1103/PhysRevB.71.035109}
}
@article{electronic2010enkovaara,
	doi = {10.1088/0953-8984/22/25/253202},
	url = {https://doi.org/10.1088/0953-8984/22/25/253202},
	year = 2010,
	month = {jun},
	publisher = {{IOP} Publishing},
	volume = {22},
	number = {25},
	pages = {253202},
	author = {J Enkovaara and C Rostgaard and J J Mortensen and J Chen and M Du{\l}ak and L Ferrighi and J Gavnholt and C Glinsvad and V Haikola and H A Hansen and H H Kristoffersen and M Kuisma and A H Larsen and L Lehtovaara and M Ljungberg and O Lopez-Acevedo and P G Moses and J Ojanen and T Olsen and V Petzold and N A Romero and J Stausholm-M{\o}ller and M Strange and G A Tritsaris and M Vanin and M Walter and B Hammer and H Häkkinen and G K H Madsen and R M Nieminen and J K N{\o}rskov and M Puska and T T Rantala and J Schi{\o}tz and K S Thygesen and K W Jacobsen},
	title = {Electronic structure calculations with {GPAW}: a real-space implementation of the projector augmented-wave method},
	journal = {Journal of Physics: Condensed Matter},
	abstract = {Electronic structure calculations have become an indispensable tool in many areas of materials science and quantum chemistry. Even though the Kohn–Sham formulation of the density-functional theory (DFT) simplifies the many-body problem significantly, one is still confronted with several numerical challenges. In this article we present the projector augmented-wave (PAW) method as implemented in the GPAW program package (https://wiki.fysik.dtu.dk/gpaw) using a uniform real-space grid representation of the electronic wavefunctions. Compared to more traditional plane wave or localized basis set approaches, real-space grids offer several advantages, most notably good computational scalability and systematic convergence properties. However, as a unique feature GPAW also facilitates a localized atomic-orbital basis set in addition to the grid. The efficient atomic basis set is complementary to the more accurate grid, and the possibility to seamlessly switch between the two representations provides great flexibility. While DFT allows one to study ground state properties, time-dependent density-functional theory (TDDFT) provides access to the excited states. We have implemented the two common formulations of TDDFT, namely the linear-response and the time propagation schemes. Electron transport calculations under finite-bias conditions can be performed with GPAW using non-equilibrium Green functions and the localized basis set. In addition to the basic features of the real-space PAW method, we also describe the implementation of selected exchange–correlation functionals, parallelization schemes, ΔSCF-method, x-ray absorption spectra, and maximally localized Wannier orbitals.}
}


@article{lastras2017structural,
  title={Structural Characterization of a Capillary Microfluidic Chip Using Microreflectance},
  author={Lastras-Mart{\'\i}nez, Luis F and Balderas-Navarro, Raul E and Castro-Garc{\'\i}a, Ricardo and Hern{\'a}ndez-Vidales, Karen and Almendarez-Rodr{\'\i}guez, Juan and Herrera-Jasso, Rafael and Prinz, Adrian and Bergmair, Iris},
  journal={Applied Spectroscopy},
  volume={71},
  number={6},
  pages={1357--1362},
  year={2017},
  publisher={SAGE Publications Sage UK: London, England}
}

@phdthesis{sivadasan2017optical,
	title={Optical Properties of AlGaN Nanostructures},
	author={Sivadasan, AK},
	year={2017},
	school={PhD thesis, Indira Gandhi Centre for Atomic Research Chennai, Tamil Nadu~…}
}

@book{yi2012semiconductor,
	title={Semiconductor nanostructures for optoelectronic devices: Processing, characterization and applications},
	author={Yi, Gyu-Chul},
	year={2012},
	publisher={Springer Science \& Business Media}
}

@book{cardona2005fundamentals,
	title={Fundamentals of semiconductors},
	author={Cardona, Manuel and Peter, Y Yu},
	volume={619},
	year={2005},
	publisher={Springer}
}